<record><leader>01287cam a2200349 i 45 0</leader><controlfield tag="001">6783541</controlfield><controlfield tag="003">OCoLC</controlfield><controlfield tag="005">20150115102207.0</controlfield><controlfield tag="008">141003t20152015bcc    j      000 f eng  </controlfield><datafield ind1=" " ind2=" " tag="016"><subfield code="a">20149066619</subfield></datafield><datafield ind1=" " ind2=" " tag="020"><subfield code="a">9781459808072</subfield><subfield code="q">(pbk.)</subfield></datafield><datafield ind1=" " ind2=" " tag="020"><subfield code="a">145980807X</subfield><subfield code="q">(pbk.)</subfield></datafield><datafield ind1=" " ind2=" " tag="035"><subfield code="a">ocn892779133</subfield></datafield><datafield ind1=" " ind2=" " tag="040"><subfield code="a">NLC</subfield><subfield code="b">eng</subfield><subfield code="e">rda</subfield><subfield code="c">NLC</subfield><subfield code="d">YDXCP</subfield><subfield code="d">OCLCQ</subfield><subfield code="d">BTCTA</subfield><subfield code="d">AEVC</subfield></datafield><datafield ind1=" " ind2="0" tag="055"><subfield code="a">PS8637 A45724</subfield><subfield code="b">B53 2015</subfield></datafield><datafield ind1="0" ind2="4" tag="082"><subfield code="a">jC813/.6</subfield><subfield code="2">23</subfield></datafield><datafield ind1=" " ind2=" " tag="090"><subfield code="a">PZ 7.1 S24 Bl 2015</subfield><subfield code="b">AEU</subfield></datafield><datafield ind1=" " ind2=" " tag="090"><subfield code="a">ER Author ST</subfield><subfield code="b">AEVC</subfield></datafield><datafield ind1="1" ind2=" " tag="100"><subfield code="a">St. Jean, Trina,</subfield><subfield code="d">1971-</subfield><subfield code="e">author.</subfield></datafield><datafield ind1="1" ind2="0" tag="245"><subfield code="a">Blank /</subfield><subfield code="c">Trina St. Jean.</subfield></datafield><datafield ind1=" " ind2="1" tag="264"><subfield code="a">Victoria, BC Canada :</subfield><subfield code="b">Orca Book Publishers,</subfield><subfield code="c">2015.</subfield></datafield><datafield ind1=" " ind2=" " tag="300"><subfield code="a">301 pages ; </subfield><subfield code="b">21 cm</subfield></datafield><datafield ind1=" " ind2=" " tag="336"><subfield code="a">text</subfield><subfield code="b">txt</subfield><subfield code="2">rdacontent</subfield></datafield><datafield ind1=" " ind2=" " tag="337"><subfield code="a">unmediated</subfield><subfield code="b">n</subfield><subfield code="2">rdamedia</subfield></datafield><datafield ind1=" " ind2=" " tag="338"><subfield code="a">volume</subfield><subfield code="b">nc</subfield><subfield code="2">rdacarrier</subfield></datafield><datafield ind1=" " ind2=" " tag="590"><subfield code="a">UA Library copy in the Canadian Children's Book Centre Depository Collection.</subfield></datafield><datafield ind1=" " ind2=" " tag="596"><subfield code="a">3 41</subfield></datafield><datafield ind1=" " ind2="0" tag="650"><subfield code="a">Accident victims</subfield><subfield code="v">Juvenile fiction.</subfield></datafield><datafield ind1=" " ind2="0" tag="650"><subfield code="a">Teenagers</subfield><subfield code="v">Juvenile fiction.</subfield></datafield><datafield ind1=" " ind2="0" tag="650"><subfield code="a">Ammesia</subfield><subfield code="v">Juvenile fiction.</subfield></datafield><datafield ind1=" " ind2=" " tag="926"><subfield code="a">ER Author ST</subfield><subfield code="w">ASIS</subfield><subfield code="c">1</subfield><subfield code="i">33862001355928</subfield><subfield code="d">12/7/2016</subfield><subfield code="e">11/17/2016</subfield><subfield code="l">EASY_READ</subfield><subfield code="m">NORQ_MAIN</subfield><subfield code="n">8</subfield><subfield code="p">$12.95</subfield><subfield code="r">Y</subfield><subfield code="s">Y</subfield><subfield code="t">BOOK</subfield><subfield code="u">3/23/2015</subfield></datafield><datafield ind1=" " ind2=" " tag="926"><subfield code="a">PZ 7.1 S24 Bl 2015</subfield><subfield code="w">LC</subfield><subfield code="c">1</subfield><subfield code="i">0162034336824</subfield><subfield code="l">CCBCC</subfield><subfield code="m">UAEDUC</subfield><subfield code="p">$150.00</subfield><subfield code="r">Y</subfield><subfield code="s">Y</subfield><subfield code="t">NO_LOAN</subfield><subfield code="u">9/8/2015</subfield></datafield></record>